@book{wiki,
			author = {Wikipédia},
			title = {Tic Tac Toe},
			note = {\href{https://fr.wikipedia.org/wiki/Tic-tac-toe}{Page wikipédia correspondante}}
}
