@book{Livre,
			author = {Snorri Sturluson},
			title = {L'Edda - Récits de mythologie nordique.},
			publisher = {L'aube des peuples. Gallimard, 1991.},
			note = {Traduit du vieil irlandais par la maman de Dennis}
}			

@phdthesis{Zoran,
        author = {Zoran Racic},
        title = {\'Etude et essais du spectromètre à plasma {DYMIO} de la  mission {MARS 96}},
        publisher = {Université Pierre et Marie Curie},
        year = {1999}
}
